@article{barni2005,
author = {Barni, Mauro and Pelagotti, Anna and Piva, Alessandro},
year = {2005},
month = {10},
pages = {141 - 144},
title = {Image processing for the analysis and conservation of paintings: Opportunities and challenges},
volume = {22},
journal = {Signal Processing Magazine, IEEE},
doi = {10.1109/MSP.2005.1511835}
}
@inproceedings{dulecha,
author = {Dulecha, Tinsae and Giachetti, Andrea and Pintus, Ruggero and Ciortan, Irina and Jaspe, Alberto and Gobbetti, Enrico},
year = {2019},
month = {11},
pages = {},
title = {Crack Detection in Single- and Multi-Light Images of Painted Surfaces using Convolutional Neural Networks}
}

@article{palomero,
author = {Palomero, Cherry and Soriano, Maricor},
year = {2011},
month = {10},
pages = {21011-7},
title = {Digital cleaning and "dirt" layer visualization of an oil painting},
volume = {19},
journal = {Optics express},
doi = {10.1364/OE.19.021011}
}

@article{agupta,
  title={Image Processing Methods for the Restoration of Digitized Paintings},
  author={Abhilekh and Gupta and Vineet Khandelwal and Abhinav Gupta and Mudita Srivastava},
  journal={Thammasat International Journal of Science and Technology},
  year={2008},
  volume={13},
  pages={66-72},
  doi = {10.1.1.534.5529}
}

@ARTICLE{giakoumis,  author={Giakoumis, I. and Nikolaidis, N. and Pitas, I.},  journal={IEEE Transactions on Image Processing},   title={Digital image processing techniques for the detection and removal of cracks in digitized paintings},   year={2006},  volume={15},  number={1},  pages={178-188},  doi={10.1109/TIP.2005.860311}}

@article{barnes,
author = {Barnes, Connelly and Shechtman, Eli and Finkelstein, Adam and Goldman, Dan B},
title = {PatchMatch: A Randomized Correspondence Algorithm for Structural Image Editing},
year = {2009},
issue_date = {August 2009},
publisher = {Association for Computing Machinery},
address = {New York, NY, USA},
volume = {28},
number = {3},
issn = {0730-0301},
url = {https://doi.org/10.1145/1531326.1531330},
doi = {10.1145/1531326.1531330},
journal = {ACM Trans. Graph.},
month = {jul},
articleno = {24},
numpages = {11}
}

@INPROCEEDINGS{he,  author={He, Kaiming and Gkioxari, Georgia and Dollár, Piotr and Girshick, Ross},  booktitle={2017 IEEE International Conference on Computer Vision (ICCV)},   title={Mask R-CNN},   year={2017},  volume={},  number={},  pages={2980-2988},  doi={10.1109/ICCV.2017.322}}

@INPROCEEDINGS{shankar,  author={Shankar, R.Shiva and Mahesh, G. and Murthy, K V S S and Ravibabu, D.},  booktitle={2020 International Conference on System, Computation, Automation and Networking (ICSCAN)},   title={A Novel approach for Gray Scale Image Colorization using Convolutional Neural Networks},   year={2020},  volume={},  number={},  pages={1-8},  doi={10.1109/ICSCAN49426.2020.9262377}}

@ARTICLE{barni2000,  author={Barni, M. and Bartolini, F. and Cappellini, V.},  journal={IEEE MultiMedia},   title={Image processing for virtual restoration of artworks},   year={2000},  volume={7},  number={2},  pages={34-37},  doi={10.1109/93.848424}}

@misc{liu,
      title={Image Inpainting for Irregular Holes Using Partial Convolutions}, 
      author={Guilin Liu and Fitsum A. Reda and Kevin J. Shih and Ting-Chun Wang and Andrew Tao and Bryan Catanzaro},
      year={2018},
      eprint={1804.07723},
      archivePrefix={arXiv},
      primaryClass={cs.CV}
}

@InProceedings{zeng2016,
author="Zeng, Yuan
and Tang, Jiexiong
and van der Lubbe, Jan C. A.
and Loog, Marco",
editor="Ioannides, Marinos
and Fink, Eleanor
and Moropoulou, Antonia
and Hagedorn-Saupe, Monika
and Fresa, Antonella
and Liest{\o}l, Gunnar
and Rajcic, Vlatka
and Grussenmeyer, Pierre",
title="Learning Algorithms for Digital Reconstruction of Van Gogh's Drawings",
booktitle="Digital Heritage. Progress in Cultural Heritage: Documentation, Preservation, and Protection",
year="2016",
publisher="Springer International Publishing",
address="Cham",
pages="322--333",
isbn="978-3-319-48496-9"
}


@article{iizuka,
author = {Iizuka, Satoshi and Simo-Serra, Edgar and Ishikawa, Hiroshi},
title = {Globally and Locally Consistent Image Completion},
year = {2017},
issue_date = {August 2017},
publisher = {Association for Computing Machinery},
address = {New York, NY, USA},
volume = {36},
number = {4},
issn = {0730-0301},
url = {https://doi.org/10.1145/3072959.3073659},
doi = {10.1145/3072959.3073659},
journal = {ACM Trans. Graph.},
month = {jul},
articleno = {107},
numpages = {14},
}

@article{spagnolo,
	doi = {10.1088/1742-6596/249/1/012059},
	url = {https://doi.org/10.1088/1742-6596/249/1/012059},
	year = 2010,
	month = {nov},
	publisher = {{IOP} Publishing},
	volume = {249},
	pages = {012059},
	author = {G Schirripa Spagnolo and F Somma},
	title = {Virtual restoration of cracks in digitized image of paintings},
	journal = {Journal of Physics: Conference Series}
}

@INPROCEEDINGS{cornelis,  author={Cornelis, Bruno and Yang, Yun and Vogelstein, Joshua T. and Dooms, Ann and Daubechies, Ingrid and Dunson, David},  booktitle={2013 18th International Conference on Digital Signal Processing (DSP)},   title={Bayesian crack detection in ultra high resolution multimodal images of paintings},   year={2013},  volume={},  number={},  pages={1-8},  doi={10.1109/ICDSP.2013.6622710}}

@ARTICLE{pizurica,  author={Pizurica, Aleksandra and Platisa, Ljiljana and Ruzic, Tijana and Cornelis, Bruno and Dooms, Ann and Martens, Maximiliaan and Dubois, Helene and Devolder, Bart and De Mey, Marc and Daubechies, Ingrid},  journal={IEEE Signal Processing Magazine},   title={Digital Image Processing of The Ghent Altarpiece: Supporting the painting's study and conservation treatment},   year={2015},  volume={32},  number={4},  pages={112-122},  doi={10.1109/MSP.2015.2411753}}

@article{amiri,
author = {Maali Amiri, Morteza and Messinger, David},
year = {2021},
month = {08},
pages = {},
title = {Virtual cleaning of works of art using deep convolutional neural networks},
volume = {9},
journal = {Heritage Science},
doi = {10.1186/s40494-021-00567-4}
}

@article{zeng2018,
Author = {Zeng, Y. and van der Lubbe, J. C. A. and Loog, M.},
ISSN = {09328092},
Journal = {Machine Vision & Applications},
Keywords = {DRAWING, IMAGE reconstruction, PIXELS, IMAGE analysis, RADIO transmitter fading, DISCOLORATION, Convolutional neural networks, Image reconstruction, Pixel-wise prediction, Van Gogh's drawings, GOGH, Vincent van, 1853-1890},
Number = {7/8},
Pages = {1229 - 1241},
Title = {Multi-scale convolutional neural network for pixel-wise reconstruction of Van Gogh's drawings.},
Volume = {30},
Year = {2019}
}

@INPROCEEDINGS{mol,  author={Mol, V. Rakhi and Maheswari, P Uma},  booktitle={2020 International Conference on Communication and Signal Processing (ICCSP)},   title={A Survey on Restoration of Paintings},   year={2020},  volume={},  number={},  pages={102-108},  doi={10.1109/ICCSP48568.2020.9182422}}

@article{zenggongzeng,
title = {Controllable digital restoration of ancient paintings using convolutional neural network and nearest neighbor},
journal = {Pattern Recognition Letters},
volume = {133},
pages = {158-164},
year = {2020},
issn = {0167-8655},
doi = {https://doi.org/10.1016/j.patrec.2020.02.033},
author = {Yuan Zeng and Yi Gong and Xiangrui Zeng}
}

@article{gupta,
  title={Restoration of artwork using deep neural networks},
  author={Varun Gupta and Nitigya Sambyal and Akhil Sharma and P. Praveen Kumar},
  journal={Evolving Systems},
  year={2021},
  volume={12},
  pages={439-446}
}

@ARTICLE{sizyakin,  author={Sizyakin, Roman and Cornelis, Bruno and Meeus, Laurens and Dubois, Hélène and Martens, Maximiliaan and Voronin, Viacheslav and pižurica, Aleksandra},  journal={IEEE Access},   title={Crack Detection in Paintings Using Convolutional Neural Networks},   year={2020},  volume={8},  number={},  pages={74535-74552},  doi={10.1109/ACCESS.2020.2988856}}

@article{jesus,
 date    = {2012-06-23},
 title   = {Copy of Spanish Baroque painting botched by amateur restoration},
 journal = {BBC},
 url     = {https://www.bbc.co.uk/news/world-europe-53141755},
 urldate = {2022-01-25}
}

@article{rembrandt,
 date    = {2021-06-23},
 title   = {Rembrandt's Huge 'Night Watch' Gets Bigger Thanks To AI},
 journal = {NPR},
 url     = {https://www.npr.org/2021/06/23/1009381774/rembrandts-huge-night-watch-gets-bigger-thanks-to-ai?t=1643199550021},
 urldate = {2022-01-26}
}

@article{papas,
author = {Pappas, Michail and Pitas, Ioannis},
year = {2000},
month = {02},
pages = {291-4},
title = {Digital color restoration of old paintings},
volume = {9},
journal = {IEEE transactions on image processing : a publication of the IEEE Signal Processing Society},
doi = {10.1109/83.821745}
}

@INPROCEEDINGS{li,  author={Li, Xiangyu and Zeng, Yuan and Gong, Yi},  booktitle={2019 IEEE 4th International Conference on Signal and Image Processing (ICSIP)},   title={Chronological Classification of Ancient Paintings of Mogao Grottoes Using Convolutional Neural Networks},   year={2019},  volume={},  number={},  pages={51-55},  doi={10.1109/SIPROCESS.2019.8868392}}

@INPROCEEDINGS{xiang,  author={Xiang, Peng and Wang, Lei and Cheng, Jun and Zhang, Bin and Wu, Jiaji},  booktitle={2017 3rd IEEE International Conference on Computer and Communications (ICCC)},   title={A deep network architecture for image inpainting},   year={2017},  volume={},  number={},  pages={1851-1856},  doi={10.1109/CompComm.2017.8322859}}

@article{elias,
author = {Mady Elias and Pascal Cotte},
journal = {Appl. Opt.},
number = {12},
pages = {2146--2154},
publisher = {OSA},
title = {Multispectral camera and radiative transfer equation used to depict Leonardo's sfumato in Mona Lisa},
volume = {47},
month = {Apr},
year = {2008},
doi = {10.1364/AO.47.002146},
}

@article{cao,
author = {Cao, Jianfang and Zhang, Zibang and Zhao, Aidi and Cui, Hongyan and Zhang, Qi},
year = {2020},
month = {01},
pages = {7},
title = {Ancient mural restoration based on a modified generative adversarial network},
volume = {8},
journal = {Heritage Science},
doi = {10.1186/s40494-020-0355-x}
}

@INPROCEEDINGS{karras,  author={Karras, Tero and Laine, Samuli and Aila, Timo},  booktitle={2019 IEEE/CVF Conference on Computer Vision and Pattern Recognition (CVPR)},   title={A Style-Based Generator Architecture for Generative Adversarial Networks},   year={2019},  volume={},  number={},  pages={4396-4405},  doi={10.1109/CVPR.2019.00453}}

